@article{mezeiova,
  title={GAMIFIK{\'A}CIA AKO N{\'A}STROJ VZDEL{\'A}VANIA 21. STORO{\v{C}}IA GAMIFICATION AS A TOOL FOR EDUCATION OF THE 21ST CENTURY},
  author={Mezeiov{\'a}, Adriana}
}

@article{horizon,
  title={Horizon Report on Technology and Higher Education},
  author={New Media Consortium and others},
  journal={Retrieved on March},
  volume={3},
  pages={2015},
  year={2014}
}

@manual{blog,
  title="Čo je to gamifikácia a oplatí sa ju použiť?",
  author="Elena Urbanová",
  note="\url{https://www.e-learnmedia.sk/blog/co-je-to-gamifikacia-a-oplati-sa-ju-pouzit/}",
  year="2019 (accessed October 31. 2020)"
}

@misc{flow,
  title={Flow},
  author={Csikszentmihalyi, Mihaly and Abuhamdeh, Sami and Nakamura, Jeanne and others},
  year={1990},
  publisher={New York: Harper \& Row}
}

@article{diagram,
author = {Liu, Yefeng and Alexandrova, Todorka and Nakajima, Tatsuo},
year = {2011},
month = {12},
pages = {},
title = {Gamifying intelligent environments},
doi = {10.1145/2072652.2072655}
}

@article{hlavnyclanok,
  title={Using gamification to enhance second language learning},
  author={Flores, Jorge Francisco Figueroa},
  journal={Digital Education Review},
  number={27},
  pages={32--54},
  year={2015},
  publisher={Digital Education Observatory (OED)}
}

@article{druhyclanok,
author = {Fotaris, Panagiotis and Mastoras, Theodoros and Leinfellner, Richard and Rosunally, Yasmine},
year = {2016},
month = {05},
pages = {95-110},
title = {Climbing Up the Leaderboard: An Empirical Study of Applying Gamification Techniques to a Computer Programming Class},
volume = {14},
journal = {Electronic Journal of e-Learning}
}

@book{werbach,
  title={For the win: How game thinking can revolutionize your business},
  author={Werbach, Kevin and Hunter, Dan},
  year={2012},
  publisher={Wharton Digital Press}
}

@book{hricova,
  title={Hry a kolektívne úlohy v prírodopise},
  author={Hricová, Jakubíková, Tulenková},
  year={2003},
  publisher={MPC, Prešov}
}

@manual{hrehova,
  title="Didaktická hra vo výučbe anglického jazyka v primárnom vzdelávaní",
  author="Anna Hrehová",
  year="2013 (accessed November 4. 2020)",
  publisher="Metodicko-pedagogické centrum, Ševčenkova 11,
850 01 Bratislava"
}
